%
%  Vzor bibliografické databáze ve formátu BibTeX pro automatickou tvorbu
%  seznamu referencí pomocí biblatexu.
%
%  Vyhledávače článků a různé programy na správu bibliografie často umí
%  vypisovat záznamy v bibTeXovém formátu. Může se hodit:
%
%    - Google Scholar (https://scholar.google.com/)
%    - JabRef (https://www.jabref.org/)
%    - zoterobib (https://zbib.org/)
%
%  POZOR:
%
%    *  Písmena v názvech publikací, jež je třeba tisknout vždy velká, se musejí psát
%       do složených závorek ({T}hailand, {HIV})
%
%  ===========================================================================

@BOOK{LP,
  title = {Linear programming},
  publisher = {Springer International Publishing},
  year = {1996},
  author = {Robert J. Vanderbei},
  address = {New York City},
  isbn = {9783030394158}
}

@BOOK{SimulaceBook,
  title = {Discrete Event Simulation: A Practical Approach},
  publisher = {CRC PRess},
  year = {1992},
  author = {Udo W. Pooch, James A. Wall},
  address = {US, Florida},
  isbn = {9780849371745}
}

@BOOK{AlgOptBook,
  title = {Algorithms for Optimization},
  publisher = {MIT Press},
  year = {2019},
  author = {Mykel J. Kochenderfer, Tim A. Wheeler},
  address = {Cambridge, Massachusetts, United States},
  isbn = {9780262351409}
}

@BOOK{Diskretka,
  title = {Kapitoly z diskrétní matematiky},
  publisher = {Karolinum},
  year = {2002},
  author = {Jiří Matoušek, Jaroslav Nešetřil},
  address = {Prague},
  isbn = {80-246-0084-6}
}

@BOOK{CO,
  title = {Combinatorial optimization: Theory and Algorithms},
  publisher = {Springer Science \& Business Media},
  year = {2013},
  author = {Bernhard Korte, Jens Vygen},
  address = {Berlin},
  isbn = {3662585669}
}

@incollection{discrete,
title={A Practical Guide to Discrete Optimization},
author={Applegate, David L and Cook, William J and Dash, Sanjeeb and Johnson, David S},
booktitle={Chapter 1, Draft of 7 August 2014},
year={2014},
publisher={Princeton University Press}
}

@book{continuos,
title={Continuous Optimization},
author={Byrne, Charles L.},
year={2013},
publisher={University of Massachusetts Lowell}
}

@BOOK{dynamic,
  title = {Dynamické programování},
  publisher = {Princeton University Press},
  year = {2010},
  author = {Richard Bellman},
  address = {Princeton, US},
  isbn = {978-0691079516}
}

@BOOK{mares,
  title = {Průvodce labyrintem algoritmů},
  publisher = {CZ.NIC},
  year = {2017},
  author = {Martin Mareš, Tomáš Valla},
  address = {Prague},
  isbn = {978-80-88168-19-5}
}

@misc{cohen2020solving,
      title={Solving Linear Programs in the Current Matrix Multiplication Time}, 
      author={Michael B. Cohen and Yin Tat Lee and Zhao Song},
      year={2020},
      eprint={1810.07896},
      archivePrefix={arXiv},
      primaryClass={cs.DS}
}

@misc{logisSolutions,
  title = {Logis Solutions},
  url = {https://logissolutions.net}
}

@misc{KP,
  title={Dynamic Programming and Strong Bounds for the 0-1 Knapsack Problem},
  author={Silvano Martello, David Pisinger, Paolo Toth},
  volume = {45},
  year={1999},
  pages = {1--11},
  number = {3}
}

@book{GlovKoch03,
title = {Handbook of Metaheuristics},
editor = {Michel Gendreau, Jean-Yves Potvin},
publisher = {Springer Cham},
year = {2019},
address = {Boston, MA, USA}
}

@book{genetic,
title={Introduction to evolutionary computing},
author={Eiben, Agoston E and Smith, James E},
volume={53},
year={2015},
publisher={Springer},
series={Natural Computing Series}
}

@book{ACO,
title={Ant colony optimization},
author={Dorigo, Marco and St{"u}tzle, Thomas},
year={2004},
publisher={MIT press}
}

@book{HybridMeta,
title = {Hybrid Metaheuristics},
author = {Christian Blum, Günther R. Raidl},
publisher = {Springer Cham},
year = {2016},
address = {Boston, MA, USA}
}

@book{tabu,
title={Tabu search},
author={Glover, Fred W and Laguna, Manuel},
year={1997},
publisher={Springer Science \& Business Media},
doi={10.1007/978-1-4615-6089-0},
url={https://link.springer.com/book/10.1007/978-1-4615-6089-0}
}

@book{siman,
title={Simulated Annealing: Theory and Applications},
author={Laarhoven, Peter J.M. and Aarts, Emile H.L.},
year={1987},
publisher={Springer Netherlands},
series={Mathematics and Its Applications},
volume={37},
doi={10.1007/978-94-015-7744-1},
url={https://link.springer.com/book/10.1007/978-94-015-7744-1}
}

@article{Metropolis,
title = {Equation of state calculations by fast computing machines},
author = {Metropolis, N. and Rosenbluth, A. and Rosenbluth, M. and Teller, A. and Teller, E.},
journal = {The Journal of Chemical Physics},
volume = {21},
number = {6},
pages = {1087--1092},
year = {1953},
doi = {10.1063/1.1699114}
}

@inbook{sa_schedules,
author = {Green, David and Aleti, Aldeida and García, Julián},
year = {2017},
month = {03},
pages = {1-27},
title = {The Nature of Nature: Why Nature-Inspired Algorithms Work},
isbn = {978-3-319-50919-8},
doi = {10.1007/978-3-319-50920-4_1}
}

@incollection{sa_theory,
title={Simulated Annealing: From Basics to Applications},
author={Delahaye, Daniel and Chaimatanan, Supatcha and Mongeau, Marcel},
booktitle={Handbook of Metaheuristics},
pages={1--35},
year={2018},
publisher={Springer, Cham}
}

